@misc{Statista2018,
author = {Statista},
title = {{Global smart speaker unit shipment}},
url = {https://www.statista.com/statistics/792598/worldwide-smart-speaker-unit-shipment/},
urldate = {2018-11-01},
year = {2018}
}